@article{knuth84,
  author = {Knuth, Donald E.},
  title = {Literate Programming},
  year = {1984},
  issue_date = {May 1984},
  publisher = {Oxford University Press, Inc.},
  address = {USA},
  volume = {27},
  number = {2},
  issn = {0010-4620},
  url = {https://doi.org/10.1093/comjnl/27.2.97},
  doi = {10.1093/comjnl/27.2.97},
  journal = {Comput. J.},
  month = may,
  pages = {97–111},
  numpages = {15}
}

@online{CensusFatalOccupational,
  title = {Census of {{Fatal Occupational Injuries Summary}}, 2023 - 2023 {{A01 Results}}},
  url = {https://www.bls.gov/news.release/cfoi.nr0.htm},
  urldate = {2025-03-05},
  langid = {english},
  organization = {Bureau of Labor Statistics},
  file = {/Users/jiayeewong/Zotero/storage/CYAKQ4PJ/cfoi.nr0.html}
}

@online{EmployerReportedWorkplaceInjuries,
  title = {Employer-{{Reported Workplace Injuries}} and {{Illnesses}}, 2023 - 2023 {{A01 Results}}},
  url = {https://www.bls.gov/news.release/osh.nr0.htm},
  urldate = {2025-03-05},
  langid = {english},
  organization = {Bureau of Labor Statistics},
  file = {/Users/jiayeewong/Zotero/storage/73EPJTYT/osh.nr0.html}
}

@online{IIFHome,
  title = {{{IIF Home}}},
  url = {https://www.bls.gov/iif/},
  urldate = {2025-03-10},
  langid = {english},
  organization = {Bureau of Labor Statistics},
  file = {/Users/jiayeewong/Zotero/storage/I8GRUP7W/iif.html}
}

@online{IIFLatestNumbers,
  title = {{{IIF Latest Numbers}}},
  url = {https://www.bls.gov/iif/latest-numbers.htm},
  urldate = {2025-03-10},
  langid = {english},
  organization = {Bureau of Labor Statistics},
  file = {/Users/jiayeewong/Zotero/storage/5FF2NSMM/latest-numbers.html}
}

@online{NIOSHWorkerHealth2024,
  title = {{{NIOSH Worker Health Charts}}},
  date = {2024-02-12T11:57:02Z},
  url = {https://wwwn.cdc.gov/NIOSH-WHC/chart/bls-ii/injury?T=ZS&V=C&D=RANGE&chk_codes=False},
  urldate = {2025-03-10},
  abstract = {A charting tool for accessing work-related data.},
  langid = {american},
  file = {/Users/jiayeewong/Zotero/storage/6FVPNPH9/injury.html}
}

@online{AmazonFinedNearly,
  title = {Amazon {{Is Fined Nearly}} \$6 {{Million Over Warehouse Work Quotas}} - {{The New York Times}}},
  url = {https://www.nytimes.com/2024/06/18/business/economy/amazon-california-productivity-quota.html},
  urldate = {2025-04-05},
  file = {/Users/jiayeewong/Zotero/storage/LXZSY9KG/amazon-california-productivity-quota.html}
}

@online{staffFortWayneAmazon2023,
  title = {Fort {{Wayne Amazon}} Facility Fined for Safety Violation Leading to 20-Year-Old Worker’s Death},
  author = {family=Staff, given=WPTA, given-i=WPTA and Bebout, Jazlynn},
  date = {2023-11-28T15:57:08},
  url = {https://www.21alivenews.com/2023/11/28/fort-wayne-amazon-facility-fined-safety-violation-leading-20-year-old-workers-death/},
  urldate = {2025-04-05},
  abstract = {An Amazon facility in Fort Wayne has been fined for safety violations related to a 20-year-old worker’s death back in May.},
  langid = {english},
  organization = {https://www.21alivenews.com},
  file = {/Users/jiayeewong/Zotero/storage/U6XN9ATM/fort-wayne-amazon-facility-fined-safety-violation-leading-20-year-old-workers-death.html}
}

@online{USDepartmentLabor,
  title = {{{US Department}} of {{Labor}} Finds {{Amazon}} Exposed Workers to Unsafe Conditions, Ergonomic Hazards at Three More Warehouses in {{Colorado}}, {{Idaho}}, {{New York}} | {{Occupational Safety}} and {{Health Administration}}},
  url = {https://www.osha.gov/news/newsreleases/national/02012023},
  urldate = {2025-04-05},
  file = {/Users/jiayeewong/Zotero/storage/85WR7L7G/02012023.html}
}

@misc{palmerAmazonCitedLabor2023,
  title = {Amazon Cited by {{Labor Department}} for Exposing Warehouse Workers to Safety Hazards},
  author = {Palmer, Annie},
  year = {2023},
  month = jan,
  journal = {CNBC},
  urldate = {2025-04-05},
  abstract = {Federal officials found Amazon workers at the facilities were exposed to "ergonomic hazards" such as lower back injuries.},
  chapter = {Technology},
  howpublished = {https://www.cnbc.com/2023/01/18/amazon-cited-by-osha-for-exposing-warehouse-workers-to-safety-hazards.html},
  langid = {english},
  file = {/Users/jiayeewong/Zotero/storage/U536GG8Q/amazon-cited-by-osha-for-exposing-warehouse-workers-to-safety-hazards.html}
}

@online{WorkInjuryCosts,
  title = {Work {{Injury Costs}}},
  url = {https://injuryfacts.nsc.org/work/costs/work-injury-costs/},
  urldate = {2025-04-05},
  abstract = {The work injury cost was \$1,040 per worker in 2022, including the value of goods or services each worker must produce to offset the cost of work injuries.},
  langid = {american},
  organization = {Injury Facts}
}



